@techreport{cite1,
   url = {https://www.parkinson-gesellschaft.de/},
   author = {Parkinson Gesellschaft},
   title = {Parkinson},
   	year = {2018},
   type = {Report}
}

@techreport{cite2,
	url = {https://www.bundesgesundheitsministerium.de/krankenhauszukunftsgesetz.html},
	author = {Bundesministerium f체r Gesundheit},
	title = {Krankenhauszukunftsgesetz f체r die Digitalisierung von Krankenh채usern},
	year = {2020},
	type = {Report}
}


@techreport{cite3,
	url = {https://dgn.org/wp-content/uploads/2013/01/ll08kap_009.pdf},
	author = {Deutsche Gesellschaft f체r Neurologie},
	title = {Parkinson-Syndrome: Diagnostik und Therapie },
	year = {2008},
	type = {Report}
}